<?xml version="1.0" encoding="UTF-8"?><collection xmlns="http://www.loc.gov/MARC21/slim"><record><leader>00316nam--2200133-i-4500</leader><controlfield tag="001">000041976</controlfield><controlfield tag="002">20161230</controlfield><controlfield tag="005">20161230201043</controlfield><controlfield tag="008">060222s1000------------r-----000-0-eng-d</controlfield><datafield ind1=" " ind2=" " tag="100"><subfield code="a">Smith,K.F</subfield></datafield><datafield ind1=" " ind2=" " tag="245"><subfield code="a">Jete atomiques</subfield></datafield><datafield ind1=" " ind2=" " tag="260"><subfield code="a">Paris, Dunod, 1958. X+150 P.+ 37 Fig</subfield></datafield><datafield ind1=" " ind2=" " tag="490"><subfield code="a">Monographies Dunod</subfield></datafield><datafield ind1=" " ind2=" " tag="852"><subfield code="a">13957</subfield></datafield></record></collection>